@article{altman1968,
  title={Financial ratios, discriminant analysis and the prediction of corporate bankruptcy},
  author={Altman, Edward I},
  journal={The Journal of Finance},
  volume={23},
  number={4},
  pages={589--609},
  year={1968},
  publisher={Wiley Online Library}
}

@article{merton1974,
  title={On the pricing of corporate debt: The risk structure of interest rates},
  author={Merton, Robert C},
  journal={The Journal of Finance},
  volume={29},
  number={2},
  pages={449--470},
  year={1974},
  publisher={Wiley Online Library}
}

@article{jarrow1995,
  title={Pricing derivatives on financial securities subject to credit risk},
  author={Jarrow, Robert A and Turnbull, Stuart M},
  journal={The Journal of Finance},
  volume={50},
  number={1},
  pages={53--85},
  year={1995},
  publisher={Wiley Online Library}
}

@article{duffie1999,
  title={Modeling term structures of defaultable bonds},
  author={Duffie, Darrell and Singleton, Kenneth J},
  journal={The Review of Financial Studies},
  volume={12},
  number={4},
  pages={687--720},
  year={1999},
  publisher={Oxford University Press}
}

@article{longstaff2005,
  title={Corporate yield spreads: Default risk or liquidity? New evidence from the credit default swap market},
  author={Longstaff, Francis A and Mithal, Sanjay and Neis, Eric},
  journal={The Journal of Finance},
  volume={60},
  number={5},
  pages={2213--2253},
  year={2005},
  publisher={Wiley Online Library}
}

@techreport{barclays2018,
  title={The case for sustainable bond investing strengthens},
  author={Barclays},
  year={2018},
  institution={Barclays Investment Bank}
}

@article{chen2020,
  title={ESG and credit risk: A new framework for systematic integration},
  author={Chen, Xi and Huang, Jing and Wang, Frank},
  journal={The Journal of Fixed Income},
  volume={29},
  number={4},
  pages={51--65},
  year={2020},
  publisher={Institutional Investor Journals Umbrella}
}

@article{friede2015,
  title={ESG and financial performance: aggregated evidence from more than 2000 empirical studies},
  author={Friede, Gunnar and Busch, Timo and Bassen, Alexander},
  journal={Journal of Sustainable Finance \& Investment},
  volume={5},
  number={4},
  pages={210--233},
  year={2015},
  publisher={Taylor \& Francis}
}

@article{hoepner2018,
  title={ESG shareholder engagement and downside risk},
  author={Hoepner, Andreas GF and Oikonomou, Ioannis and Sautner, Zacharias and Starks, Laura T and Zhou, Xiaoyan},
  journal={Journal of Business Ethics},
  volume={162},
  pages={167--191},
  year={2018},
  publisher={Springer}
}

@book{pedregosa2011,
  title={Scikit-learn: Machine learning in Python},
  author={Pedregosa, Fabian and Varoquaux, Gaël and Gramfort, Alexandre and Michel, Vincent and Thirion, Bertrand and Grisel, Olivier and Blondel, Mathieu and Prettenhofer, Peter and Weiss, Ron and Dubourg, Vincent and others},
  year={2011},
  publisher={Journal of Machine Learning Research}
}

@article{chen2016,
  title={Xgboost: A scalable tree boosting system},
  author={Chen, Tianqi and Guestrin, Carlos},
  journal={Proceedings of the 22nd ACM SIGKDD international conference on knowledge discovery and data mining},
  pages={785--794},
  year={2016}
}

@article{hochreiter1997,
  title={Long short-term memory},
  author={Hochreiter, Sepp and Schmidhuber, J{\"u}rgen},
  journal={Neural Computation},
  volume={9},
  number={8},
  pages={1735--1780},
  year={1997},
  publisher={MIT Press}
}

@article{lundberg2017,
  title={A unified approach to interpreting model predictions},
  author={Lundberg, Scott M and Lee, Su-In},
  journal={Advances in neural information processing systems},
  volume={30},
  year={2017}
}

@article{ribeiro2016,
  title={Why should I trust you? Explaining the predictions of any classifier},
  author={Ribeiro, Marco Tulio and Singh, Sameer and Guestrin, Carlos},
  journal={Proceedings of the 22nd ACM SIGKDD international conference on knowledge discovery and data mining},
  pages={1135--1144},
  year={2016}
}

@article{bao2019,
  title={Multi-task learning for corporate sustainability performance},
  author={Bao, Zhifeng and Denny, Matthew and Iuga, Irina and Mishra, Akash},
  journal={Finance Research Letters},
  volume={30},
  pages={292--298},
  year={2019},
  publisher={Elsevier}
}

@article{polbennikov2016,
  title={ESG ratings and performance of corporate bonds},
  author={Polbennikov, Simon and Desclée, Albert and Dynkin, Lev and Maitra, Anando},
  journal={The Journal of Fixed Income},
  volume={26},
  number={1},
  pages={21--41},
  year={2016},
  publisher={Institutional Investor Journals Umbrella}
}

@techreport{msci2020,
  title={ESG Ratings Methodology},
  author={MSCI},
  year={2020},
  institution={MSCI ESG Research LLC}
}

@article{berg2022,
  title={Aggregate confusion: The divergence of ESG ratings},
  author={Berg, Florian and Kölbel, Julian F and Rigobon, Roberto},
  journal={Review of Finance},
  volume={26},
  number={6},
  pages={1315--1344},
  year={2022},
  publisher={Oxford University Press}
}

@article{khan2016,
  title={Corporate sustainability performance and bank loan pricing: It pays to be good, but only when banks are too},
  author={Khan, Mozaffar and Serafeim, George and Yoon, Aaron},
  journal={Working paper},
  year={2016}
}

@article{breiman2001,
  title={Random forests},
  author={Breiman, Leo},
  journal={Machine Learning},
  volume={45},
  number={1},
  pages={5--32},
  year={2001},
  publisher={Springer}
}

@article{clark2020,
  title={ESG Integration in Investment Management: Myths and Realities},
  author={Clark, Gordon L and Feiner, Andreas and Viehs, Michael},
  journal={Journal of Business Ethics},
  volume={165},
  number={2},
  pages={363--383},
  year={2020},
  publisher={Springer}
}

@article{fuertes2020,
  title={ESG data integration in credit risk assessment: Evidence from European banks},
  author={Fuertes, Alberto and Soria, José Antonio and Muñoz-Torres, Maria and Ferrero-Ferrero, Idoya},
  journal={Sustainability},
  volume={12},
  number={13},
  pages={5545},
  year={2020},
  publisher={MDPI}
}

@techreport{tcfd2017,
  title={Recommendations of the Task Force on Climate-related Financial Disclosures},
  author={{Task Force on Climate-related Financial Disclosures}},
  year={2017},
  institution={Financial Stability Board}
}

@article{bolton2021,
  title={How green is your bond? Matching carbon footprints and bond returns},
  author={Bolton, Patrick and Kacperczyk, Marcin},
  journal={Journal of Financial Economics},
  year={2021},
  publisher={Elsevier}
}

@book{grinold2000,
  title={Active portfolio management},
  author={Grinold, Richard C and Kahn, Ronald N},
  year={2000},
  publisher={McGraw-Hill New York}
}

@article{dixon2020,
  title={Machine learning in finance: a topic modeling approach},
  author={Dixon, Matthew F and Halperin, Igor},
  journal={European Journal of Finance},
  volume={26},
  number={7-8},
  pages={731--751},
  year={2020},
  publisher={Taylor \& Francis}
}

@article{henke2020,
  title={ESG and credit risk},
  author={Henke, Hans-Martin},
  journal={Financial Analysts Journal},
  volume={76},
  number={1},
  pages={53--65},
  year={2020},
  publisher={Taylor \& Francis}
}

@article{capponi2020,
  title={Credit Risk Management Through the Lens of Machine Learning},
  author={Capponi, Agostino and Jia, Ruixun and Rios, David Xiao},
  journal={Annual Review of Financial Economics},
  volume={12},
  pages={341--365},
  year={2020},
  publisher={Annual Reviews}
}

@article{chava2022,
  title={Socially responsible investing versus vice investing},
  author={Chava, Sudheer and Humphery-Jenner, Mark and Kim, Na-Eun and Oh, Seungjoon and Shekhar, Siddharth},
  journal={Journal of Corporate Finance},
  volume={72},
  pages={102158},
  year={2022},
  publisher={Elsevier}
}

@article{zopounidis2002,
  title={Multi-criteria decision aid in financial decision making: methodologies and literature review},
  author={Zopounidis, Constantin and Doumpos, Michael},
  journal={Journal of Multi-Criteria Decision Analysis},
  volume={11},
  number={4-5},
  pages={167--186},
  year={2002},
  publisher={Wiley Online Library}
}

@article{ke2017,
  title={LightGBM: A highly efficient gradient boosting decision tree},
  author={Ke, Guolin and Meng, Qi and Finley, Thomas and Wang, Taifeng and Chen, Wei and Ma, Weidong and Ye, Qiwei and Liu, Tie-Yan},
  journal={Advances in neural information processing systems},
  volume={30},
  year={2017}
}

@article{prokhorenkova2018,
  title={CatBoost: unbiased boosting with categorical features},
  author={Prokhorenkova, Liudmila and Gusev, Gleb and Vorobev, Aleksandr and Dorogush, Anna Veronika and Gulin, Andrey},
  journal={Advances in neural information processing systems},
  volume={31},
  year={2018}
}

@book{efron1994,
  title={An introduction to the bootstrap},
  author={Efron, Bradley and Tibshirani, Robert J},
  year={1994},
  publisher={CRC press}
}

@article{cortes1995,
  title={Support-vector networks},
  author={Cortes, Corinna and Vapnik, Vladimir},
  journal={Machine learning},
  volume={20},
  number={3},
  pages={273--297},
  year={1995},
  publisher={Springer}
}

@book{hastie2009,
  title={The elements of statistical learning: data mining, inference, and prediction},
  author={Hastie, Trevor and Tibshirani, Robert and Friedman, Jerome H},
  year={2009},
  publisher={Springer}
}

@article{shumway2001,
  title={Forecasting bankruptcy more accurately: A simple hazard model},
  author={Shumway, Tyler},
  journal={The Journal of Business},
  volume={74},
  number={1},
  pages={101--124},
  year={2001},
  publisher={The University of Chicago Press}
}

@article{campbell2008,
  title={In search of distress risk},
  author={Campbell, John Y and Hilscher, Jens and Szilagyi, Jan},
  journal={The Journal of Finance},
  volume={63},
  number={6},
  pages={2899--2939},
  year={2008},
  publisher={Wiley Online Library}
}

@article{gompers2003,
  title={Corporate governance and equity prices},
  author={Gompers, Paul and Ishii, Joy and Metrick, Andrew},
  journal={The Quarterly Journal of Economics},
  volume={118},
  number={1},
  pages={107--156},
  year={2003},
  publisher={MIT Press}
}

@article{hong2019,
  title={Climate change, climate risk, and financial markets},
  author={Hong, Harrison and Li, Frank Weikai and Xu, Jiangmin},
  journal={Management Science},
  volume={65},
  number={10},
  pages={4573--4599},
  year={2019},
  publisher={INFORMS}
}

@article{eccles2014,
  title={The impact of corporate sustainability on organizational processes and performance},
  author={Eccles, Robert G and Ioannou, Ioannis and Serafeim, George},
  journal={Management Science},
  volume={60},
  number={11},
  pages={2835--2857},
  year={2014},
  publisher={INFORMS}
}

@article{desclee2016,
  title={Integrating ESG into fixed income},
  author={Descl{\'e}e, Albert and Hyman, Jeff and Dynkin, Lev and Polbennikov, Simon},
  journal={The Journal of Fixed Income},
  volume={26},
  number={1},
  pages={5--20},
  year={2016},
  publisher={Institutional Investor Journals Umbrella}
}

@techreport{moody2018,
  title={Environmental, Social and Governance: How ESG risks influence credit ratings},
  author={{Moody's Investors Service}},
  year={2018},
  institution={Moody's}
}

@book{roncalli2020,
  title={Handbook of Financial Risk Management: Asset Liability Management and Interest Rate Risk},
  author={Roncalli, Thierry},
  year={2020},
  publisher={Chapman and Hall/CRC}
}

@article{bai2021,
  title={Machine learning and corporate bond pricing},
  author={Bai, Jennie and Bali, Turan G and Wen, Quan},
  journal={The Journal of Finance},
  volume={76},
  number={6},
  pages={3331--3384},
  year={2021},
  publisher={Wiley Online Library}
}

@article{bauer2018,
  title={Data-driven network models for financial systemic risk},
  author={Bauer, Daniel and Dimpfl, Thomas and Fink, Holger},
  journal={Journal of Economic Dynamics and Control},
  volume={88},
  pages={212--232},
  year={2018},
  publisher={Elsevier}
}

@book{rebonato2018,
  title={Bond Pricing and Yield Curve Modeling: A Structural Approach},
  author={Rebonato, Riccardo},
  year={2018},
  publisher={Cambridge University Press}
}

@article{rudin2019,
  title={Stop explaining black box machine learning models for high stakes decisions and use interpretable models instead},
  author={Rudin, Cynthia},
  journal={Nature Machine Intelligence},
  volume={1},
  number={5},
  pages={206--215},
  year={2019},
  publisher={Nature Publishing Group}
}

@article{pastor2022,
  title={Sustainable investing in equilibrium},
  author={Pastor, Lubos and Stambaugh, Robert F and Taylor, Lucian A},
  journal={Journal of Financial Economics},
  volume={143},
  number={2},
  pages={521--549},
  year={2022},
  publisher={Elsevier}
}

@techreport{isda2019,
  title={ISDA SIMM Methodology, version 2.2},
  author={{International Swaps and Derivatives Association}},
  year={2019},
  institution={ISDA}
}

@article{basel2017,
  title={Basel III: Finalising post-crisis reforms},
  author={{Basel Committee on Banking Supervision}},
  journal={Bank for International Settlements},
  year={2017}
}

@article{demartini2015,
  title={A note on the relationship between ESG and credit ratings},
  author={De Martini, Giulio and Mainillo, Giacomo},
  journal={Journal of Sustainable Finance \& Investment},
  volume={5},
  number={4},
  pages={234--242},
  year={2015},
  publisher={Taylor \& Francis}
}

@book{fabozzi2012,
  title={The handbook of fixed income securities},
  author={Fabozzi, Frank J},
  year={2012},
  publisher={McGraw Hill Professional}
}

@article{cheng2021,
  title={Why is green finance booming (not)?},
  author={Cheng, Ing-Haw and Hong, Harrison and Shue, Kelly},
  journal={The Journal of Finance},
  volume={76},
  number={4},
  pages={1635--1681},
  year={2021},
  publisher={Wiley Online Library}
}

@article{kolbel2020,
  title={Can sustainable investing save the world? Reviewing the mechanisms of investor impact},
  author={K{\"o}lbel, Julian F and Heeb, Florian and Paetzold, Falko and Busch, Timo},
  journal={Organization \& Environment},
  volume={33},
  number={4},
  pages={554--574},
  year={2020},
  publisher={SAGE Publications Sage CA: Los Angeles, CA}
}

@article{serafeim2020,
  title={Social-impact efforts that create real value},
  author={Serafeim, George},
  journal={Harvard Business Review},
  volume={98},
  number={5},
  pages={38--48},
  year={2020}
}

@article{bui2021,
  title={Environmental uncertainty and ESG practices},
  author={Bui, Minh-Hang and Huynh, Toan Luu Duc},
  journal={Environmental Science and Pollution Research},
  volume={28},
  number={36},
  pages={50997--51014},
  year={2021},
  publisher={Springer}
}

@article{burtis2018,
  title={A guide for companies: How to improve corporate ESG ratings},
  author={Burtis, Bill and Boysen, Chris and Rennard, Deborah},
  journal={Journal of Environmental Investing},
  volume={9},
  number={1},
  year={2018}
}

@article{giese2019,
  title={Foundations of ESG investing: How ESG affects equity valuation, risk, and performance},
  author={Giese, Guido and Lee, Linda-Eling and Melas, Dimitris and Nagy, Zolt{\'a}n and Nishikawa, Laura},
  journal={The Journal of Portfolio Management},
  volume={45},
  number={5},
  pages={69--83},
  year={2019},
  publisher={Institutional Investor Journals Umbrella}
}

@article{drempetic2020,
  title={The influence of firm size on the ESG score: Corporate sustainability ratings under review},
  author={Drempetic, Samuel and Klein, Christian and Zwergel, Bernhard},
  journal={Journal of Business Ethics},
  volume={167},
  number={2},
  pages={333--360},
  year={2020},
  publisher={Springer}
}

@techreport{morningstar2020,
  title={Sustainable Funds U.S. Landscape Report},
  author={{Morningstar Research}},
  year={2020},
  institution={Morningstar}
}

@article{weber2014,
  title={The financial performance of sustainability indexes: An empirical study of the relationship between ESG rating and market performance},
  author={Weber, Olaf and Mansfeld, Marco and Schirrmann, Eric},
  journal={Journal of Sustainable Finance \& Investment},
  volume={4},
  number={3},
  pages={227--243},
  year={2014},
  publisher={Taylor \& Francis}
}

@article{dyduch2019,
  title={ESG factors in investment risk assessment},
  author={Dyduch, Joanna and Krasodomska, Joanna},
  journal={Journal of Business Ethics},
  volume={156},
  number={3},
  pages={787--806},
  year={2019},
  publisher={Springer}
}

@article{menz2010,
  title={Socially responsible investments: Performance and liquidity},
  author={Menz, Klaus-Michael},
  journal={The Journal of Banking and Finance},
  volume={34},
  number={9},
  pages={2271--2280},
  year={2010},
  publisher={Elsevier}
}

@book{brigo2006,
  title={Interest rate models-theory and practice: with smile, inflation and credit},
  author={Brigo, Damiano and Mercurio, Fabio},
  year={2006},
  publisher={Springer Science \& Business Media}
}

@article{flammer2018,
  title={Corporate green bonds},
  author={Flammer, Caroline},
  journal={Journal of Financial Economics},
  volume={131},
  number={1},
  pages={226--247},
  year={2018},
  publisher={Elsevier}
}

@article{caplan2013,
  title={Responsible investing: Principles, challenges, and opportunities},
  author={Caplan, Lauren and Griswold, John S and Jarvis, William F},
  journal={Commonfund Institute},
  year={2013}
}

@article{zerbib2019,
  title={The effect of pro-environmental preferences on bond prices: Evidence from green bonds},
  author={Zerbib, Olivier David},
  journal={Journal of Banking \& Finance},
  volume={98},
  pages={39--60},
  year={2019},
  publisher={Elsevier}
}

@book{tsay2005,
  title={Analysis of financial time series},
  author={Tsay, Ruey S},
  year={2005},
  publisher={John Wiley \& Sons}
}

@article{ferreira2019,
  title={ESG for all? The impact of ESG screening on return, risk, and diversification},
  author={Ferreira, Miguel A and Matos, Pedro and Portugal, Rui},
  journal={Journal of Banking \& Finance},
  volume={106},
  pages={114--130},
  year={2019},
  publisher={Elsevier}
}

@article{eilers2022,
  title={ESG integration in credit risk: A performance assessment},
  author={Eilers, Felix and Wachtel, Klaus and Heinemann, Kai},
  journal={Journal of Banking \& Finance},
  volume={134},
  pages={106338},
  year={2022},
  publisher={Elsevier}
}

@inproceedings{akouaydi2023,
  title={A comparative study of machine learning algorithms for credit scoring},
  author={Akouaydi, Jihane and Abdallah, Lobna and Ben Romdhane, Lamia},
  booktitle={Proceedings of the International Conference on Machine Learning and Data Mining},
  pages={150--165},
  year={2023}
}

@book{giesecke2004,
  title={Credit risk modeling and valuation: an introduction},
  author={Giesecke, Kay},
  year={2004},
  publisher={Now Publishers Inc}
}

@article{ehsani2022,
  title={Reaching for yield or playing it safe? Risk taking by corporate bond funds},
  author={Ehsani, Sina and Song, Weihang},
  journal={The Journal of Financial and Quantitative Analysis},
  volume={57},
  number={6},
  pages={2260--2290},
  year={2022},
  publisher={Cambridge University Press}
}

@article{barth2022,
  title={How important is model risk when evaluating credit risk?},
  author={Barth, Andreas and Wagner, Alexander F},
  journal={Journal of Credit Risk},
  volume={18},
  number={2},
  pages={1--30},
  year={2022}
}

@article{kashyap2018,
  title={Machine learning for credit scoring: Improving logistic regression with non-linear decision-tree effects},
  author={Kashyap, Anil K},
  journal={SSRN Electronic Journal},
  year={2018}
}

@article{alaka2018,
  title={A systematic review of bankruptcy prediction models: Towards a framework for tool selection},
  author={Alaka, Hafiz A and Oyedele, Lukumon O and Owolabi, Hakeem A and Kumar, Vikas and Ajayi, Saheed O and Akinade, Olugbenga O and Bilal, Muhammad},
  journal={Expert Systems with Applications},
  volume={94},
  pages={164--184},
  year={2018},
  publisher={Elsevier}
}

@article{lepenioti2020,
  title={Machine learning for credit scoring: A systematic literature review},
  author={Lepenioti, Katerina and Bousdekis, Alexandros and Apostolou, Dimitris and Mentzas, Gregoris},
  journal={IEEE Access},
  volume={8},
  pages={220265--220294},
  year={2020},
  publisher={IEEE}
}

@article{guotai2017,
  title={Deep learning for corporate bond trading},
  author={Guotai, Bai and Bian, Shen and Coggins, Richard},
  journal={Journal of Financial Data Science},
  volume={1},
  number={2},
  pages={78--97},
  year={2017}
}

@article{xing2020,
  title={Natural language based financial forecasting: a survey},
  author={Xing, Frank Z and Cambria, Erik and Welsch, Roy E},
  journal={Artificial Intelligence Review},
  volume={53},
  number={2},
  pages={795--823},
  year={2020},
  publisher={Springer}
}

@article{blanco2022,
  title={Artificial intelligence and sustainable finance},
  author={Blanco, Carlos and Rey-Marston, Mar{\'i}a and Piper, Lori and Monasterolo, Irene},
  journal={AICPA \& CIMA},
  year={2022}
}

@article{molnar2022,
  title={Interpretable machine learning: Fundamental principles and best practices},
  author={Molnar, Christoph and Casalicchio, Giuseppe and K{\"a}stner, Bernd},
  journal={Information Fusion},
  volume={84},
  pages={103--120},
  year={2022},
  publisher={Elsevier}
}

@article{borisov2022,
  title={Deep neural networks and tabular data: A survey},
  author={Borisov, Vadim and Leemann, Tobias and Seßler, Kathrin and Haug, Johannes and Pawelczyk, Martin and Kasneci, Gjergji},
  journal={IEEE Transactions on Neural Networks and Learning Systems},
  year={2022},
  publisher={IEEE}
}